@book{ROBERT, 
	place={Upper Saddle River}, 
	edition={3}, 
	title={Linux kernel development}, 
	publisher={Addison-Wesley}, 
	author={Love, Robert}, 
	year={2015}
}

@book{BookOnFreeBsd,
	Author = {Marshall Kirk McKusick and George V. Neville-Neil and Robert N.M. Watson},
	Title = {The Design and Implementation of the FreeBSD Operating System},
	Publisher = {Addison-Wesley Professional},
	Year = {2014},
	ISBN = {9780321968975},
	URL = {https://www.amazon.com/Design-Implementation-FreeBSD-Operating-System-ebook/dp/B00O56CFEE?SubscriptionId=0JYN1NVW651KCA56C102&tag=techkie-20&linkCode=xm2&camp=2025&creative=165953&creativeASIN=B00O56CFEE}
}

@book{JosephKong, 
	place={San Francisco}, 
	title={FreeBSD device drivers: a guide for the intrepid}, 
	publisher={No Starch Press}, 
	author={Kong, Joseph}, 
	year={2012}
}

@misc{Understa77:online,
	author = {},
	title = {Understanding the Windows I/O System | Microsoft Press Store},
	howpublished = {\url{https://www.microsoftpressstore.com/articles/article.aspx?p=2201309&seqNum=3}},
	month = {},
	year = {},
	note = {(Accessed on 05/9/2018)}
}

@misc{WhentoCo44:online,
	author = {},
	title = {When to Complete an IRP (Windows Drivers)},
	howpublished = {\url{https://msdn.microsoft.com/en-us/library/windows/hardware/ff565653(v=vs.85).aspx}},
	month = {},
	year = {},
	note = {(Accessed on 05/9/2018)}
}

@misc{ReusingI59:online,
	author = {},
	title = {Reusing IRPs (Windows Drivers)},
	howpublished = {\url{https://msdn.microsoft.com/en-us/library/windows/hardware/ff561107(v=vs.85).aspx}},
	month = {},
	year = {},
	note = {(Accessed on 05/9/2018)}
}



@misc{Cryptogr64:online,
	author = {},
	title = {Cryptographic Provider Types (Windows)},
	howpublished = {\url{https://msdn.microsoft.com/en-us/library/windows/desktop/aa380244(v=vs.85).aspx}},
	month = {},
	year = {},
	note = {(Accessed on 05/9/2018)}
}