@misc{LinProSt8:online,
author = {MSDN Microsoft},
title = {About Processes and Threads (Windows)},
howpublished = {\url{https://idea.popcount.org/2012-12-11-linux-process-states/}},
month = {},
year = {},
note = {(Accessed on 04/18/2018)}
}

